%YAML 1.1
%TAG !u! tag:unity3d.com,2011:
--- !u!29 &1
OcclusionCullingSettings:
  m_ObjectHideFlags: 0
  serializedVersion: 2
  m_OcclusionBakeSettings:
    smallestOccluder: 5
    smallestHole: 0.25
    backfaceThreshold: 100
  m_SceneGUID: 00000000000000000000000000000000
  m_OcclusionCullingData: {fileID: 0}
--- !u!104 &2
RenderSettings:
  m_ObjectHideFlags: 0
  serializedVersion: 8
  m_Fog: 0
  m_FogColor: {r: 0.5, g: 0.5, b: 0.5, a: 1}
  m_FogMode: 3
  m_FogDensity: 0.01
  m_LinearFogStart: 0
  m_LinearFogEnd: 300
  m_AmbientSkyColor: {r: 0.9411765, g: 0.9411765, b: 0.9411765, a: 1}
  m_AmbientEquatorColor: {r: 0.114, g: 0.125, b: 0.133, a: 1}
  m_AmbientGroundColor: {r: 0.047, g: 0.043, b: 0.035, a: 1}
  m_AmbientIntensity: 1
  m_AmbientMode: 0
  m_SubtractiveShadowColor: {r: 0.42, g: 0.478, b: 0.627, a: 1}
  m_SkyboxMaterial: {fileID: 0}
  m_HaloStrength: 0.5
  m_FlareStrength: 1
  m_FlareFadeSpeed: 3
  m_HaloTexture: {fileID: 0}
  m_SpotCookie: {fileID: 10001, guid: 0000000000000000e000000000000000, type: 0}
  m_DefaultReflectionMode: 0
  m_DefaultReflectionResolution: 128
  m_ReflectionBounces: 1
  m_ReflectionIntensity: 0
  m_CustomReflection: {fileID: 0}
  m_Sun: {fileID: 0}
  m_IndirectSpecularColor: {r: 0, g: 0, b: 0, a: 1}
--- !u!157 &3
LightmapSettings:
  m_ObjectHideFlags: 0
  serializedVersion: 11
  m_GIWorkflowMode: 0
  m_GISettings:
    serializedVersion: 2
    m_BounceScale: 1
    m_IndirectOutputScale: 1
    m_AlbedoBoost: 1
    m_TemporalCoherenceThreshold: 1
    m_EnvironmentLightingMode: 1
    m_EnableBakedLightmaps: 1
    m_EnableRealtimeLightmaps: 0
  m_LightmapEditorSettings:
    serializedVersion: 9
    m_Resolution: 2
    m_BakeResolution: 40
    m_TextureWidth: 1024
    m_TextureHeight: 1024
    m_AO: 0
    m_AOMaxDistance: 1
    m_CompAOExponent: 1
    m_CompAOExponentDirect: 0
    m_Padding: 2
    m_LightmapParameters: {fileID: 0}
    m_LightmapsBakeMode: 0
    m_TextureCompression: 1
    m_FinalGather: 0
    m_FinalGatherFiltering: 1
    m_FinalGatherRayCount: 256
    m_ReflectionCompression: 2
    m_MixedBakeMode: 0
    m_BakeBackend: 0
    m_PVRSampling: 1
    m_PVRDirectSampleCount: 32
    m_PVRSampleCount: 500
    m_PVRBounces: 2
    m_PVRFiltering: 0
    m_PVRFilteringMode: 1
    m_PVRCulling: 1
    m_PVRFilteringGaussRadiusDirect: 1
    m_PVRFilteringGaussRadiusIndirect: 5
    m_PVRFilteringGaussRadiusAO: 2
    m_PVRFilteringAtrousColorSigma: 1
    m_PVRFilteringAtrousNormalSigma: 1
    m_PVRFilteringAtrousPositionSigma: 1
  m_LightingDataAsset: {fileID: 112000002, guid: 4a6158662f09638468719430d0923ca1,
    type: 2}
  m_UseShadowmask: 0
--- !u!196 &4
NavMeshSettings:
  serializedVersion: 2
  m_ObjectHideFlags: 0
  m_BuildSettings:
    serializedVersion: 2
    agentTypeID: 0
    agentRadius: 0.5
    agentHeight: 2
    agentSlope: 45
    agentClimb: 0.4
    ledgeDropHeight: 0
    maxJumpAcrossDistance: 0
    minRegionArea: 2
    manualCellSize: 0
    cellSize: 0.16666667
    manualTileSize: 0
    tileSize: 256
    accuratePlacement: 0
  m_NavMeshData: {fileID: 0}
--- !u!1 &28071091
GameObject:
  m_ObjectHideFlags: 0
  m_PrefabParentObject: {fileID: 0}
  m_PrefabInternal: {fileID: 0}
  serializedVersion: 5
  m_Component:
  - component: {fileID: 28071093}
  - component: {fileID: 28071092}
  m_Layer: 0
  m_Name: NextToBedStartingPosition
  m_TagString: Untagged
  m_Icon: {fileID: 0}
  m_NavMeshLayer: 0
  m_StaticEditorFlags: 0
  m_IsActive: 1
--- !u!114 &28071092
MonoBehaviour:
  m_ObjectHideFlags: 0
  m_PrefabParentObject: {fileID: 0}
  m_PrefabInternal: {fileID: 0}
  m_GameObject: {fileID: 28071091}
  m_Enabled: 1
  m_EditorHideFlags: 0
  m_Script: {fileID: 11500000, guid: 7b67b5c3cbe0d43498432bf474a2e46b, type: 3}
  m_Name: 
  m_EditorClassIdentifier: 
  startingPointName: NextToBed
--- !u!4 &28071093
Transform:
  m_ObjectHideFlags: 0
  m_PrefabParentObject: {fileID: 0}
  m_PrefabInternal: {fileID: 0}
  m_GameObject: {fileID: 28071091}
  m_LocalRotation: {x: -0, y: -0, z: -0, w: 1}
  m_LocalPosition: {x: 0.5, y: 0.5, z: 0}
  m_LocalScale: {x: 1, y: 1, z: 1}
  m_Children: []
  m_Father: {fileID: 1366206511}
  m_RootOrder: 1
  m_LocalEulerAnglesHint: {x: 0, y: 0, z: 0}
--- !u!1001 &212689152
Prefab:
  m_ObjectHideFlags: 0
  serializedVersion: 2
  m_Modification:
    m_TransformParent: {fileID: 1999627141}
    m_Modifications:
    - target: {fileID: 4216831718571644, guid: 762a6e533ce5d4c4aa4f13f9758ac670, type: 2}
      propertyPath: m_LocalPosition.x
      value: 0
      objectReference: {fileID: 0}
    - target: {fileID: 4216831718571644, guid: 762a6e533ce5d4c4aa4f13f9758ac670, type: 2}
      propertyPath: m_LocalPosition.y
      value: 0
      objectReference: {fileID: 0}
    - target: {fileID: 4216831718571644, guid: 762a6e533ce5d4c4aa4f13f9758ac670, type: 2}
      propertyPath: m_LocalPosition.z
      value: 0
      objectReference: {fileID: 0}
    - target: {fileID: 4216831718571644, guid: 762a6e533ce5d4c4aa4f13f9758ac670, type: 2}
      propertyPath: m_LocalRotation.x
      value: -0
      objectReference: {fileID: 0}
    - target: {fileID: 4216831718571644, guid: 762a6e533ce5d4c4aa4f13f9758ac670, type: 2}
      propertyPath: m_LocalRotation.y
      value: -0
      objectReference: {fileID: 0}
    - target: {fileID: 4216831718571644, guid: 762a6e533ce5d4c4aa4f13f9758ac670, type: 2}
      propertyPath: m_LocalRotation.z
      value: -0
      objectReference: {fileID: 0}
    - target: {fileID: 4216831718571644, guid: 762a6e533ce5d4c4aa4f13f9758ac670, type: 2}
      propertyPath: m_LocalRotation.w
      value: 1
      objectReference: {fileID: 0}
    - target: {fileID: 4216831718571644, guid: 762a6e533ce5d4c4aa4f13f9758ac670, type: 2}
      propertyPath: m_RootOrder
      value: 1
      objectReference: {fileID: 0}
    - target: {fileID: 33628242063816072, guid: 762a6e533ce5d4c4aa4f13f9758ac670,
        type: 2}
      propertyPath: m_Mesh
      value: 
      objectReference: {fileID: 0}
    - target: {fileID: 33424958842042212, guid: 762a6e533ce5d4c4aa4f13f9758ac670,
        type: 2}
      propertyPath: m_Mesh
      value: 
      objectReference: {fileID: 0}
    - target: {fileID: 33636371844085248, guid: 762a6e533ce5d4c4aa4f13f9758ac670,
        type: 2}
      propertyPath: m_Mesh
      value: 
      objectReference: {fileID: 0}
    - target: {fileID: 33064329375342142, guid: 762a6e533ce5d4c4aa4f13f9758ac670,
        type: 2}
      propertyPath: m_Mesh
      value: 
      objectReference: {fileID: 0}
    - target: {fileID: 23857614362892508, guid: 762a6e533ce5d4c4aa4f13f9758ac670,
        type: 2}
      propertyPath: m_Materials.Array.data[0]
      value: 
      objectReference: {fileID: 2100000, guid: 5eddaf434219a5646b10cd5d0ca5f115, type: 2}
    - target: {fileID: 23228810183363884, guid: 762a6e533ce5d4c4aa4f13f9758ac670,
        type: 2}
      propertyPath: m_Materials.Array.data[0]
      value: 
      objectReference: {fileID: 2100000, guid: 5eddaf434219a5646b10cd5d0ca5f115, type: 2}
    - target: {fileID: 23887651665526874, guid: 762a6e533ce5d4c4aa4f13f9758ac670,
        type: 2}
      propertyPath: m_Materials.Array.data[0]
      value: 
      objectReference: {fileID: 2100000, guid: 5eddaf434219a5646b10cd5d0ca5f115, type: 2}
    - target: {fileID: 23106648644783232, guid: 762a6e533ce5d4c4aa4f13f9758ac670,
        type: 2}
      propertyPath: m_Materials.Array.data[0]
      value: 
      objectReference: {fileID: 2100000, guid: 5eddaf434219a5646b10cd5d0ca5f115, type: 2}
    - target: {fileID: 114845127240054210, guid: 762a6e533ce5d4c4aa4f13f9758ac670,
        type: 2}
      propertyPath: m_parentTilemapGroup
      value: 
      objectReference: {fileID: 1999627140}
    m_RemovedComponents: []
  m_ParentPrefab: {fileID: 100100000, guid: 762a6e533ce5d4c4aa4f13f9758ac670, type: 2}
  m_IsPrefabParent: 0
--- !u!1 &348123413 stripped
GameObject:
  m_PrefabParentObject: {fileID: 1756780023103926, guid: c10b3f04b1d4fd146bd117ca9faf4a93,
    type: 2}
  m_PrefabInternal: {fileID: 808930575}
--- !u!1001 &358497977
Prefab:
  m_ObjectHideFlags: 0
  serializedVersion: 2
  m_Modification:
    m_TransformParent: {fileID: 0}
    m_Modifications:
    - target: {fileID: 4789693339289416, guid: e8c9a51d0a037a24f8551b48b567d7e1, type: 2}
      propertyPath: m_LocalPosition.x
      value: 0
      objectReference: {fileID: 0}
    - target: {fileID: 4789693339289416, guid: e8c9a51d0a037a24f8551b48b567d7e1, type: 2}
      propertyPath: m_LocalPosition.y
      value: 0
      objectReference: {fileID: 0}
    - target: {fileID: 4789693339289416, guid: e8c9a51d0a037a24f8551b48b567d7e1, type: 2}
      propertyPath: m_LocalPosition.z
      value: 0
      objectReference: {fileID: 0}
    - target: {fileID: 4789693339289416, guid: e8c9a51d0a037a24f8551b48b567d7e1, type: 2}
      propertyPath: m_LocalRotation.x
      value: 0
      objectReference: {fileID: 0}
    - target: {fileID: 4789693339289416, guid: e8c9a51d0a037a24f8551b48b567d7e1, type: 2}
      propertyPath: m_LocalRotation.y
      value: 0
      objectReference: {fileID: 0}
    - target: {fileID: 4789693339289416, guid: e8c9a51d0a037a24f8551b48b567d7e1, type: 2}
      propertyPath: m_LocalRotation.z
      value: 0
      objectReference: {fileID: 0}
    - target: {fileID: 4789693339289416, guid: e8c9a51d0a037a24f8551b48b567d7e1, type: 2}
      propertyPath: m_LocalRotation.w
      value: 1
      objectReference: {fileID: 0}
    - target: {fileID: 4789693339289416, guid: e8c9a51d0a037a24f8551b48b567d7e1, type: 2}
      propertyPath: m_RootOrder
      value: 0
      objectReference: {fileID: 0}
    m_RemovedComponents: []
  m_ParentPrefab: {fileID: 100100000, guid: e8c9a51d0a037a24f8551b48b567d7e1, type: 2}
  m_IsPrefabParent: 0
--- !u!82 &358497978 stripped
AudioSource:
  m_PrefabParentObject: {fileID: 82191856081404502, guid: e8c9a51d0a037a24f8551b48b567d7e1,
    type: 2}
  m_PrefabInternal: {fileID: 358497977}
--- !u!1001 &369159168
Prefab:
  m_ObjectHideFlags: 0
  serializedVersion: 2
  m_Modification:
    m_TransformParent: {fileID: 1999627141}
    m_Modifications:
    - target: {fileID: 4471339906474310, guid: 8e364ec57a53a8c4a8f50ec7d2ee9522, type: 2}
      propertyPath: m_LocalPosition.x
      value: 0
      objectReference: {fileID: 0}
    - target: {fileID: 4471339906474310, guid: 8e364ec57a53a8c4a8f50ec7d2ee9522, type: 2}
      propertyPath: m_LocalPosition.y
      value: 0
      objectReference: {fileID: 0}
    - target: {fileID: 4471339906474310, guid: 8e364ec57a53a8c4a8f50ec7d2ee9522, type: 2}
      propertyPath: m_LocalPosition.z
      value: 0
      objectReference: {fileID: 0}
    - target: {fileID: 4471339906474310, guid: 8e364ec57a53a8c4a8f50ec7d2ee9522, type: 2}
      propertyPath: m_LocalRotation.x
      value: -0
      objectReference: {fileID: 0}
    - target: {fileID: 4471339906474310, guid: 8e364ec57a53a8c4a8f50ec7d2ee9522, type: 2}
      propertyPath: m_LocalRotation.y
      value: -0
      objectReference: {fileID: 0}
    - target: {fileID: 4471339906474310, guid: 8e364ec57a53a8c4a8f50ec7d2ee9522, type: 2}
      propertyPath: m_LocalRotation.z
      value: -0
      objectReference: {fileID: 0}
    - target: {fileID: 4471339906474310, guid: 8e364ec57a53a8c4a8f50ec7d2ee9522, type: 2}
      propertyPath: m_LocalRotation.w
      value: 1
      objectReference: {fileID: 0}
    - target: {fileID: 4471339906474310, guid: 8e364ec57a53a8c4a8f50ec7d2ee9522, type: 2}
      propertyPath: m_RootOrder
      value: 0
      objectReference: {fileID: 0}
    - target: {fileID: 33990541700502508, guid: 8e364ec57a53a8c4a8f50ec7d2ee9522,
        type: 2}
      propertyPath: m_Mesh
      value: 
      objectReference: {fileID: 0}
    - target: {fileID: 33848517708087374, guid: 8e364ec57a53a8c4a8f50ec7d2ee9522,
        type: 2}
      propertyPath: m_Mesh
      value: 
      objectReference: {fileID: 0}
    - target: {fileID: 33582957982010648, guid: 8e364ec57a53a8c4a8f50ec7d2ee9522,
        type: 2}
      propertyPath: m_Mesh
      value: 
      objectReference: {fileID: 0}
    - target: {fileID: 33403710130766042, guid: 8e364ec57a53a8c4a8f50ec7d2ee9522,
        type: 2}
      propertyPath: m_Mesh
      value: 
      objectReference: {fileID: 0}
    - target: {fileID: 23225737573295342, guid: 8e364ec57a53a8c4a8f50ec7d2ee9522,
        type: 2}
      propertyPath: m_Materials.Array.data[0]
      value: 
      objectReference: {fileID: 2100000, guid: 5eddaf434219a5646b10cd5d0ca5f115, type: 2}
    - target: {fileID: 23507454316841498, guid: 8e364ec57a53a8c4a8f50ec7d2ee9522,
        type: 2}
      propertyPath: m_Materials.Array.data[0]
      value: 
      objectReference: {fileID: 2100000, guid: 5eddaf434219a5646b10cd5d0ca5f115, type: 2}
    - target: {fileID: 23192052459794664, guid: 8e364ec57a53a8c4a8f50ec7d2ee9522,
        type: 2}
      propertyPath: m_Materials.Array.data[0]
      value: 
      objectReference: {fileID: 2100000, guid: 5eddaf434219a5646b10cd5d0ca5f115, type: 2}
    - target: {fileID: 23639230880735254, guid: 8e364ec57a53a8c4a8f50ec7d2ee9522,
        type: 2}
      propertyPath: m_Materials.Array.data[0]
      value: 
      objectReference: {fileID: 2100000, guid: 5eddaf434219a5646b10cd5d0ca5f115, type: 2}
    - target: {fileID: 114118251001823206, guid: 8e364ec57a53a8c4a8f50ec7d2ee9522,
        type: 2}
      propertyPath: m_parentTilemapGroup
      value: 
      objectReference: {fileID: 1999627140}
    m_RemovedComponents: []
  m_ParentPrefab: {fileID: 100100000, guid: 8e364ec57a53a8c4a8f50ec7d2ee9522, type: 2}
  m_IsPrefabParent: 0
--- !u!114 &369159169 stripped
MonoBehaviour:
  m_PrefabParentObject: {fileID: 114118251001823206, guid: 8e364ec57a53a8c4a8f50ec7d2ee9522,
    type: 2}
  m_PrefabInternal: {fileID: 369159168}
  m_Script: {fileID: 11500000, guid: 4dec3ca0fe88506448df84e8bf55b2dc, type: 3}
--- !u!4 &369159170 stripped
Transform:
  m_PrefabParentObject: {fileID: 4471339906474310, guid: 8e364ec57a53a8c4a8f50ec7d2ee9522,
    type: 2}
  m_PrefabInternal: {fileID: 369159168}
--- !u!1001 &808930575
Prefab:
  m_ObjectHideFlags: 0
  serializedVersion: 2
  m_Modification:
    m_TransformParent: {fileID: 0}
    m_Modifications:
    - target: {fileID: 4285180996537156, guid: c10b3f04b1d4fd146bd117ca9faf4a93, type: 2}
      propertyPath: m_LocalPosition.x
      value: 0.5
      objectReference: {fileID: 0}
    - target: {fileID: 4285180996537156, guid: c10b3f04b1d4fd146bd117ca9faf4a93, type: 2}
      propertyPath: m_LocalPosition.y
      value: 0.5
      objectReference: {fileID: 0}
    - target: {fileID: 4285180996537156, guid: c10b3f04b1d4fd146bd117ca9faf4a93, type: 2}
      propertyPath: m_LocalPosition.z
      value: 0
      objectReference: {fileID: 0}
    - target: {fileID: 4285180996537156, guid: c10b3f04b1d4fd146bd117ca9faf4a93, type: 2}
      propertyPath: m_LocalRotation.x
      value: 0
      objectReference: {fileID: 0}
    - target: {fileID: 4285180996537156, guid: c10b3f04b1d4fd146bd117ca9faf4a93, type: 2}
      propertyPath: m_LocalRotation.y
      value: 0
      objectReference: {fileID: 0}
    - target: {fileID: 4285180996537156, guid: c10b3f04b1d4fd146bd117ca9faf4a93, type: 2}
      propertyPath: m_LocalRotation.z
      value: 0
      objectReference: {fileID: 0}
    - target: {fileID: 4285180996537156, guid: c10b3f04b1d4fd146bd117ca9faf4a93, type: 2}
      propertyPath: m_LocalRotation.w
      value: 1
      objectReference: {fileID: 0}
    - target: {fileID: 4285180996537156, guid: c10b3f04b1d4fd146bd117ca9faf4a93, type: 2}
      propertyPath: m_RootOrder
      value: 1
      objectReference: {fileID: 0}
    - target: {fileID: 61704621031196390, guid: c10b3f04b1d4fd146bd117ca9faf4a93,
        type: 2}
      propertyPath: m_Size.x
      value: 1
      objectReference: {fileID: 0}
    - target: {fileID: 61704621031196390, guid: c10b3f04b1d4fd146bd117ca9faf4a93,
        type: 2}
      propertyPath: m_Size.y
      value: 1
      objectReference: {fileID: 0}
    - target: {fileID: 61704621031196390, guid: c10b3f04b1d4fd146bd117ca9faf4a93,
        type: 2}
      propertyPath: m_AutoTiling
      value: 0
      objectReference: {fileID: 0}
    - target: {fileID: 4285180996537156, guid: c10b3f04b1d4fd146bd117ca9faf4a93, type: 2}
      propertyPath: m_LocalScale.z
      value: 1
      objectReference: {fileID: 0}
    - target: {fileID: 61704621031196390, guid: c10b3f04b1d4fd146bd117ca9faf4a93,
        type: 2}
      propertyPath: m_Offset.y
      value: 0
      objectReference: {fileID: 0}
    - target: {fileID: 61704621031196390, guid: c10b3f04b1d4fd146bd117ca9faf4a93,
        type: 2}
      propertyPath: m_Offset.x
      value: 0
      objectReference: {fileID: 0}
    - target: {fileID: 61704621031196390, guid: c10b3f04b1d4fd146bd117ca9faf4a93,
        type: 2}
      propertyPath: m_UsedByComposite
      value: 0
      objectReference: {fileID: 0}
    m_RemovedComponents: []
  m_ParentPrefab: {fileID: 100100000, guid: c10b3f04b1d4fd146bd117ca9faf4a93, type: 2}
  m_IsPrefabParent: 0
--- !u!1 &994239332
GameObject:
  m_ObjectHideFlags: 0
  m_PrefabParentObject: {fileID: 0}
  m_PrefabInternal: {fileID: 0}
  serializedVersion: 5
  m_Component:
  - component: {fileID: 994239333}
  m_Layer: 0
  m_Name: FoyerDoorStartingPosition
  m_TagString: Untagged
  m_Icon: {fileID: 0}
  m_NavMeshLayer: 0
  m_StaticEditorFlags: 0
  m_IsActive: 1
--- !u!4 &994239333
Transform:
  m_ObjectHideFlags: 0
  m_PrefabParentObject: {fileID: 0}
  m_PrefabInternal: {fileID: 0}
  m_GameObject: {fileID: 994239332}
  m_LocalRotation: {x: 0, y: 0, z: 0, w: 1}
  m_LocalPosition: {x: 3.5, y: -3.5, z: 0}
  m_LocalScale: {x: 1, y: 1, z: 1}
  m_Children: []
  m_Father: {fileID: 1366206511}
  m_RootOrder: 2
  m_LocalEulerAnglesHint: {x: 0, y: 0, z: 0}
--- !u!1001 &1348583000
Prefab:
  m_ObjectHideFlags: 0
  serializedVersion: 2
  m_Modification:
    m_TransformParent: {fileID: 0}
    m_Modifications:
    - target: {fileID: 11441280, guid: 969664d5d728cb34e9aff6e7ae9a542c, type: 2}
      propertyPath: reactions.Array.size
      value: 2
      objectReference: {fileID: 0}
    - target: {fileID: 474418, guid: 969664d5d728cb34e9aff6e7ae9a542c, type: 2}
      propertyPath: m_LocalPosition.x
      value: -4.5
      objectReference: {fileID: 0}
    - target: {fileID: 474418, guid: 969664d5d728cb34e9aff6e7ae9a542c, type: 2}
      propertyPath: m_LocalPosition.y
      value: -0.5
      objectReference: {fileID: 0}
    - target: {fileID: 474418, guid: 969664d5d728cb34e9aff6e7ae9a542c, type: 2}
      propertyPath: m_LocalPosition.z
      value: 0
      objectReference: {fileID: 0}
    - target: {fileID: 474418, guid: 969664d5d728cb34e9aff6e7ae9a542c, type: 2}
      propertyPath: m_LocalRotation.x
      value: 0
      objectReference: {fileID: 0}
    - target: {fileID: 474418, guid: 969664d5d728cb34e9aff6e7ae9a542c, type: 2}
      propertyPath: m_LocalRotation.y
      value: 0
      objectReference: {fileID: 0}
    - target: {fileID: 474418, guid: 969664d5d728cb34e9aff6e7ae9a542c, type: 2}
      propertyPath: m_LocalRotation.z
      value: 0
      objectReference: {fileID: 0}
    - target: {fileID: 474418, guid: 969664d5d728cb34e9aff6e7ae9a542c, type: 2}
      propertyPath: m_LocalRotation.w
      value: 1
      objectReference: {fileID: 0}
    - target: {fileID: 474418, guid: 969664d5d728cb34e9aff6e7ae9a542c, type: 2}
      propertyPath: m_RootOrder
      value: 5
      objectReference: {fileID: 0}
    - target: {fileID: 194222, guid: 969664d5d728cb34e9aff6e7ae9a542c, type: 2}
      propertyPath: m_Name
      value: BathroomDoorInteractable
      objectReference: {fileID: 0}
    - target: {fileID: 11441280, guid: 969664d5d728cb34e9aff6e7ae9a542c, type: 2}
      propertyPath: reactions.Array.data[0]
      value: 
      objectReference: {fileID: 1475809890}
    - target: {fileID: 11441280, guid: 969664d5d728cb34e9aff6e7ae9a542c, type: 2}
      propertyPath: reactions.Array.data[1]
      value: 
      objectReference: {fileID: 2050840491}
    - target: {fileID: 11485606, guid: 969664d5d728cb34e9aff6e7ae9a542c, type: 2}
      propertyPath: m_Delegates.Array.data[0].callback.m_PersistentCalls.m_Calls.Array.data[0].m_Target
      value: 
      objectReference: {fileID: 348123413}
    m_RemovedComponents: []
  m_ParentPrefab: {fileID: 100100000, guid: 969664d5d728cb34e9aff6e7ae9a542c, type: 2}
  m_IsPrefabParent: 0
--- !u!1 &1366206510
GameObject:
  m_ObjectHideFlags: 0
  m_PrefabParentObject: {fileID: 0}
  m_PrefabInternal: {fileID: 0}
  serializedVersion: 5
  m_Component:
  - component: {fileID: 1366206511}
  m_Layer: 0
  m_Name: Starting Positions
  m_TagString: Untagged
  m_Icon: {fileID: 0}
  m_NavMeshLayer: 0
  m_StaticEditorFlags: 0
  m_IsActive: 1
--- !u!4 &1366206511
Transform:
  m_ObjectHideFlags: 0
  m_PrefabParentObject: {fileID: 0}
  m_PrefabInternal: {fileID: 0}
  m_GameObject: {fileID: 1366206510}
  m_LocalRotation: {x: 0, y: 0, z: 0, w: 1}
  m_LocalPosition: {x: 0, y: 0, z: 0}
  m_LocalScale: {x: 1, y: 1, z: 1}
  m_Children:
  - {fileID: 1836762805}
  - {fileID: 28071093}
  - {fileID: 994239333}
  m_Father: {fileID: 0}
  m_RootOrder: 4
  m_LocalEulerAnglesHint: {x: 0, y: 0, z: 0}
--- !u!1 &1414218703
GameObject:
  m_ObjectHideFlags: 0
  m_PrefabParentObject: {fileID: 0}
  m_PrefabInternal: {fileID: 0}
  serializedVersion: 5
  m_Component:
  - component: {fileID: 1414218705}
  - component: {fileID: 1414218704}
  m_Layer: 0
  m_Name: Savers
  m_TagString: Untagged
  m_Icon: {fileID: 0}
  m_NavMeshLayer: 0
  m_StaticEditorFlags: 0
  m_IsActive: 0
--- !u!114 &1414218704
MonoBehaviour:
  m_ObjectHideFlags: 0
  m_PrefabParentObject: {fileID: 0}
  m_PrefabInternal: {fileID: 0}
  m_GameObject: {fileID: 1414218703}
  m_Enabled: 1
  m_EditorHideFlags: 0
  m_Script: {fileID: 11500000, guid: 8f29b6054d4e0304f8b32fb4625cff19, type: 3}
  m_Name: 
  m_EditorClassIdentifier: 
  uniqueIdentifier: 
  saveData: {fileID: 0}
  gameObjectToSave: {fileID: 0}
--- !u!4 &1414218705
Transform:
  m_ObjectHideFlags: 0
  m_PrefabParentObject: {fileID: 0}
  m_PrefabInternal: {fileID: 0}
  m_GameObject: {fileID: 1414218703}
  m_LocalRotation: {x: 0, y: 0, z: 0, w: 1}
  m_LocalPosition: {x: 0, y: 0, z: 0}
  m_LocalScale: {x: 1, y: 1, z: 1}
  m_Children: []
  m_Father: {fileID: 0}
  m_RootOrder: 2
  m_LocalEulerAnglesHint: {x: 0, y: 0, z: 0}
--- !u!114 &1475809890
MonoBehaviour:
  m_ObjectHideFlags: 0
  m_PrefabParentObject: {fileID: 0}
  m_PrefabInternal: {fileID: 0}
  m_GameObject: {fileID: 0}
  m_Enabled: 1
  m_EditorHideFlags: 0
  m_Script: {fileID: 11500000, guid: 2392585f8a4e53a42a0ddc8de25e64d2, type: 3}
  m_Name: 
  m_EditorClassIdentifier: 
  audioSource: {fileID: 358497978}
  audioClip: {fileID: 8300000, guid: 4899e776030853e45b9a25c453e827c9, type: 3}
  delay: 0
--- !u!114 &1486361078 stripped
MonoBehaviour:
  m_PrefabParentObject: {fileID: 114845127240054210, guid: 762a6e533ce5d4c4aa4f13f9758ac670,
    type: 2}
  m_PrefabInternal: {fileID: 212689152}
  m_Script: {fileID: 11500000, guid: 4dec3ca0fe88506448df84e8bf55b2dc, type: 3}
--- !u!4 &1486361079 stripped
Transform:
  m_PrefabParentObject: {fileID: 4216831718571644, guid: 762a6e533ce5d4c4aa4f13f9758ac670,
    type: 2}
  m_PrefabInternal: {fileID: 212689152}
--- !u!1 &1697950548 stripped
GameObject:
  m_PrefabParentObject: {fileID: 194222, guid: 969664d5d728cb34e9aff6e7ae9a542c, type: 2}
  m_PrefabInternal: {fileID: 1348583000}
--- !u!114 &1697950553
MonoBehaviour:
  m_ObjectHideFlags: 0
  m_PrefabParentObject: {fileID: 0}
  m_PrefabInternal: {fileID: 0}
  m_GameObject: {fileID: 1697950548}
  m_Enabled: 1
  m_EditorHideFlags: 0
  m_Script: {fileID: -1862395651, guid: f70555f144d8491a825f0804e09c671c, type: 3}
  m_Name: 
  m_EditorClassIdentifier: 
  m_Delegates: []
  delegates: []
--- !u!1 &1756790626
GameObject:
  m_ObjectHideFlags: 0
  m_PrefabParentObject: {fileID: 0}
  m_PrefabInternal: {fileID: 0}
  serializedVersion: 5
  m_Component:
  - component: {fileID: 1756790629}
  - component: {fileID: 1756790628}
  - component: {fileID: 1756790627}
  m_Layer: 0
  m_Name: EventSystem
  m_TagString: Untagged
  m_Icon: {fileID: 0}
  m_NavMeshLayer: 0
  m_StaticEditorFlags: 0
  m_IsActive: 1
--- !u!114 &1756790627
MonoBehaviour:
  m_ObjectHideFlags: 0
  m_PrefabParentObject: {fileID: 0}
  m_PrefabInternal: {fileID: 0}
  m_GameObject: {fileID: 1756790626}
  m_Enabled: 1
  m_EditorHideFlags: 0
  m_Script: {fileID: 1077351063, guid: f70555f144d8491a825f0804e09c671c, type: 3}
  m_Name: 
  m_EditorClassIdentifier: 
  m_HorizontalAxis: Horizontal
  m_VerticalAxis: Vertical
  m_SubmitButton: Submit
  m_CancelButton: Cancel
  m_InputActionsPerSecond: 10
  m_RepeatDelay: 0.5
  m_ForceModuleActive: 0
--- !u!114 &1756790628
MonoBehaviour:
  m_ObjectHideFlags: 0
  m_PrefabParentObject: {fileID: 0}
  m_PrefabInternal: {fileID: 0}
  m_GameObject: {fileID: 1756790626}
  m_Enabled: 1
  m_EditorHideFlags: 0
  m_Script: {fileID: -619905303, guid: f70555f144d8491a825f0804e09c671c, type: 3}
  m_Name: 
  m_EditorClassIdentifier: 
  m_FirstSelected: {fileID: 0}
  m_sendNavigationEvents: 1
  m_DragThreshold: 5
--- !u!4 &1756790629
Transform:
  m_ObjectHideFlags: 0
  m_PrefabParentObject: {fileID: 0}
  m_PrefabInternal: {fileID: 0}
  m_GameObject: {fileID: 1756790626}
  m_LocalRotation: {x: 0, y: 0, z: 0, w: 1}
  m_LocalPosition: {x: 0, y: 0, z: 0}
  m_LocalScale: {x: 1, y: 1, z: 1}
  m_Children: []
  m_Father: {fileID: 0}
  m_RootOrder: 6
  m_LocalEulerAnglesHint: {x: 0, y: 0, z: 0}
--- !u!1 &1836762804
GameObject:
  m_ObjectHideFlags: 0
  m_PrefabParentObject: {fileID: 0}
  m_PrefabInternal: {fileID: 0}
  serializedVersion: 5
  m_Component:
  - component: {fileID: 1836762805}
  - component: {fileID: 1836762806}
  m_Layer: 0
  m_Name: BathroomDoorStartingPosition
  m_TagString: Untagged
  m_Icon: {fileID: 0}
  m_NavMeshLayer: 0
  m_StaticEditorFlags: 0
  m_IsActive: 1
--- !u!4 &1836762805
Transform:
  m_ObjectHideFlags: 0
  m_PrefabParentObject: {fileID: 0}
  m_PrefabInternal: {fileID: 0}
  m_GameObject: {fileID: 1836762804}
  m_LocalRotation: {x: -0, y: -0, z: -0, w: 1}
  m_LocalPosition: {x: -3.5, y: -0.5, z: 0}
  m_LocalScale: {x: 1, y: 1, z: 1}
  m_Children: []
  m_Father: {fileID: 1366206511}
  m_RootOrder: 0
  m_LocalEulerAnglesHint: {x: 0, y: 0, z: 0}
--- !u!114 &1836762806
MonoBehaviour:
  m_ObjectHideFlags: 0
  m_PrefabParentObject: {fileID: 0}
  m_PrefabInternal: {fileID: 0}
  m_GameObject: {fileID: 1836762804}
  m_Enabled: 1
  m_EditorHideFlags: 0
  m_Script: {fileID: 11500000, guid: 7b67b5c3cbe0d43498432bf474a2e46b, type: 3}
  m_Name: 
  m_EditorClassIdentifier: 
  startingPointName: BathroomDoor
--- !u!1 &1999627139
GameObject:
  m_ObjectHideFlags: 0
  m_PrefabParentObject: {fileID: 0}
  m_PrefabInternal: {fileID: 0}
  serializedVersion: 5
  m_Component:
  - component: {fileID: 1999627141}
  - component: {fileID: 1999627140}
  m_Layer: 8
  m_Name: TilemapGroup
  m_TagString: Untagged
  m_Icon: {fileID: 0}
  m_NavMeshLayer: 0
  m_StaticEditorFlags: 0
  m_IsActive: 1
--- !u!114 &1999627140
MonoBehaviour:
  m_ObjectHideFlags: 0
  m_PrefabParentObject: {fileID: 0}
  m_PrefabInternal: {fileID: 0}
  m_GameObject: {fileID: 1999627139}
  m_Enabled: 1
  m_EditorHideFlags: 0
  m_Script: {fileID: 11500000, guid: 7823ea85fd63d7f4d8b988fd3963dd85, type: 3}
  m_Name: 
  m_EditorClassIdentifier: 
  m_tilemaps:
  - {fileID: 369159169}
  - {fileID: 1486361078}
  m_selectedIndex: 0
  m_unselectedColorMultiplier: 1
  m_displayTilemapRList: 1
--- !u!4 &1999627141
Transform:
  m_ObjectHideFlags: 0
  m_PrefabParentObject: {fileID: 0}
  m_PrefabInternal: {fileID: 0}
  m_GameObject: {fileID: 1999627139}
  m_LocalRotation: {x: 0, y: 0, z: 0, w: 1}
  m_LocalPosition: {x: 0, y: 0, z: 0}
  m_LocalScale: {x: 1, y: 1, z: 1}
  m_Children:
  - {fileID: 369159170}
  - {fileID: 1486361079}
  m_Father: {fileID: 0}
  m_RootOrder: 3
  m_LocalEulerAnglesHint: {x: 0, y: 0, z: 0}
--- !u!114 &2050840491
MonoBehaviour:
  m_ObjectHideFlags: 0
  m_PrefabParentObject: {fileID: 0}
  m_PrefabInternal: {fileID: 0}
  m_GameObject: {fileID: 0}
  m_Enabled: 1
  m_EditorHideFlags: 0
  m_Script: {fileID: 11500000, guid: 24dc6b17b276d6948903ade30dec71eb, type: 3}
  m_Name: 
  m_EditorClassIdentifier: 
  sceneName: 
  startingPointInLoadedScene: 
  playerSaveData: {fileID: 0}
